@book{goldberg89genetic,
  author = {D.E. Goldberg},
  title = {Genetic Algorithms in Search, Optimization and Machine Learning},
  publisher = {Addison-Wesley Longman Publishing Co., Inc. },
  year = {1989},
}

@article{koza92genetic,
  author = {J.R. Koza},
  title = {Genetic Programming: On the Programming of Computers by Means of Natural Selection},
  journal = {Journal of Artificial Intelligence Research},
  volume = {4},
  pages = {237--285},
  year = {1992},
}

@inproceedings{macqueen65some,
  author = {MacQueen, J.},
  booktitle = {Proceedings of the 5th Berkeley Symposium on  Mathematical Statistics and Probability},
  title = {Some methods for classification and analysis of  multivariate observations},
  pages = {281--297},
  year = {1965},
}